@Incollection{thermocouple,
  author = "Thomas Johann Seebeck",
  title = "Dr. Seebeck's Experiment",
  editor = "Thomas Thomson",
  booktitle = "Annals of Philosophy: New Series",
  volume = 4,
  pages = 318,
  year = 1822
}
