@Book{example,
  author = "Aloysii Galvani",
  title = "De Viribus Electicitatis in Motu Musculari Commentarius",
  year = "1791",
  publisher = "Bonaniae: Ex Typographia Instituti Scientiarium"
}
